@BOOK{BOOK:MontenbruckPfleger,
    AUTHOR="Montenbruck, Oliver; Pfleger, Thomas",
    TITLE="Astronomie mit dem Personal Computer",
    PUBLISHER="Springer",
    YEAR="2004",
}